

God From The Machine - Artificial Intelligence Models of Religious Cognition

Der Stoff, aus dem der Kosmos ist
Das elegante Universum
Die verborgene Wirklichkeit

Computability - Turing, GÃ¶del, Chuch, and Beyond
God & Giolem, Inc. - A Comment On Certain Points where Cybernetics Impinges on Religion
Mind Children - The Future Of Robot and Human Intelligence
Robot - Mere Machine To Transcendent Mind
