@Inbook{Hudak2003,
author="Hudak, Paul
and Courtney, Antony
and Nilsson, Henrik
and Peterson, John",
editor="Jeuring, Johan
and Jones, Simon L. Peyton",
title="Arrows, Robots, and Functional Reactive Programming",
bookTitle="Advanced Functional Programming: 4th International School, AFP 2002, Oxford, UK, August 19-24, 2002. Revised Lectures",
year="2003",
publisher="Springer Berlin Heidelberg",
address="Berlin, Heidelberg",
pages="159--187",
isbn="978-3-540-44833-4",
doi="10.1007/978-3-540-44833-4_6",
url="http://dx.doi.org/10.1007/978-3-540-44833-4_6"
}

@inproceedings{Courtney2003,
 author = {Courtney, Antony and Nilsson, Henrik and Peterson, John},
 title = {The Yampa Arcade},
 booktitle = {Proceedings of the 2003 ACM SIGPLAN Workshop on Haskell},
 series = {Haskell '03},
 year = {2003},
 isbn = {1-58113-758-3},
 location = {Uppsala, Sweden},
 pages = {7--18},
 numpages = {12},
 url = {http://doi.acm.org/10.1145/871895.871897},
 doi = {10.1145/871895.871897},
 acmid = {871897},
 publisher = {ACM},
 address = {New York, NY, USA},
 keywords = {FRP, Haskell, functional programming, hybrid modeling, modeling languages, synchronous dataflow languages},
}

@inproceedings{Nilsson2002,
 author = {Nilsson, Henrik and Courtney, Antony and Peterson, John},
 title = {Functional Reactive Programming, Continued},
 booktitle = {Proceedings of the 2002 ACM SIGPLAN Workshop on Haskell},
 series = {Haskell '02},
 year = {2002},
 isbn = {1-58113-605-6},
 location = {Pittsburgh, Pennsylvania},
 pages = {51--64},
 numpages = {14},
 url = {http://doi.acm.org/10.1145/581690.581695},
 doi = {10.1145/581690.581695},
 acmid = {581695},
 publisher = {ACM},
 address = {New York, NY, USA},
 keywords = {FRP, Haskell, domain-specific languages, functional programming, hybrid modeling, synchronous dataflow languages},
}

@inproceedings{Hughes2004,
 author = {Hughes, John},
 title = {Programming with Arrows},
 booktitle = {Proceedings of the 5th International Conference on Advanced Functional Programming},
 series = {AFP'04},
 year = {2005},
 isbn = {3-540-28540-7, 978-3-540-28540-3},
 location = {Tartu, Estonia},
 pages = {73--129},
 numpages = {57},
 url = {http://dx.doi.org/10.1007/11546382_2},
 doi = {10.1007/11546382_2},
 acmid = {2162140},
 publisher = {Springer-Verlag},
 address = {Berlin, Heidelberg},
}

@inproceedings{Wan2000,
 author = {Wan, Zhanyong and Hudak, Paul},
 title = {Functional Reactive Programming from First Principles},
 booktitle = {Proceedings of the ACM SIGPLAN 2000 Conference on Programming Language Design and Implementation},
 series = {PLDI '00},
 year = {2000},
 isbn = {1-58113-199-2},
 location = {Vancouver, British Columbia, Canada},
 pages = {242--252},
 numpages = {11},
 url = {http://doi.acm.org/10.1145/349299.349331},
 doi = {10.1145/349299.349331},
 acmid = {349331},
 publisher = {ACM},
 address = {New York, NY, USA},
}

@mastersthesis{Meisinger2010,
 author = {Meisinger, Gerold},
 title = {Game-Engine-Architektur mit funktional-reaktiver Programmierung in Haskell/Yampa},
 year = {2010},
 school = {Fachhochschule Oberösterreich - Fakultät für Informatik, Kommunikation und Medien (Campus Hagenberg)},
}

@mastersthesis{Frag2005,
    author   = {Mun Hon Cheong},
    title    = {Functional Programming and 3D Games},
    year     = {2005},
    month    = {November},
    school   = {University of New South Wales},
    address  = {Sydney, Australia},
    abstract = {Games are commonly programmed in imperative languages.
                Functional languages have been known to have benefits but have
                rarely been used to program games. In this thesis we implement
                a first person shooting game in Haskell and Yampa. The merits
                of this approach are examined.}
}