the nature of computation

a computeable universe

