Economics:
Understanding Capitalism
Complex Capitalism
Network Crowds and Markets
Social and Economic Networks
Business Dynamics

Economics Mainstream:
Debt
Die Herren des Geldes
Black Swan
sahlins - stone age economics

History/Politics:
Strategy
SPQR
A Study of History
A History of Religious Ideas
Himmler
Hitler
