@book{Agha_1986,
 author = {Agha, Gul},
 title = {Actors: A Model of Concurrent Computation in Distributed Systems},
 year = {1986},
 isbn = {0-262-01092-5},
 publisher = {MIT Press},
 address = {Cambridge, MA, USA},
}

@inproceedings{Hewitt_1973,
 author = {Hewitt, Carl and Bishop, Peter and Steiger, Richard},
 title = {A Universal Modular ACTOR Formalism for Artificial Intelligence},
 booktitle = {Proceedings of the 3rd International Joint Conference on Artificial Intelligence},
 series = {IJCAI'73},
 year = {1973},
 location = {Stanford, USA},
 pages = {235--245},
 numpages = {11},
 url = {http://dl.acm.org/citation.cfm?id=1624775.1624804},
 acmid = {1624804},
 publisher = {Morgan Kaufmann Publishers Inc.},
 address = {San Francisco, CA, USA},
}

@techreport{Greif_1975,
 author = {Grief, I. and Greif, Irene},
 title = {SEMANTICS OF COMMUNICATING PARALLEL PROCESSES},
 year = {1975},
 source = {http://www.ncstrl.org:8900/ncstrl/servlet/search?formname=detail\&id=oai%3Ancstrlh%3Amitai%3AMIT-LCS%2F%2FMIT%2FLCS%2FTR-154},
 publisher = {Massachusetts Institute of Technology},
 address = {Cambridge, MA, USA},
}

@techreport{Clinger_1981,
 author = {Clinger, William D},
 title = {Foundations of Actor Semantics},
 year = {1981},
 source = {http://www.ncstrl.org:8900/ncstrl/servlet/search?formname=detail\&id=oai%3Ancstrlh%3Amitai%3AMIT-AILab%2F%2FAITR-633},
 publisher = {Massachusetts Institute of Technology},
 address = {Cambridge, MA, USA},
} 