@misc{gintis_herbert_website,
	title = {Herbert Gintis Website},
	url = {https://people.umass.edu/gintis/},
	howpublished = {\url{https://people.umass.edu/gintis/}},
	language = {English},
	author = {Gintis, H.},
	year = {2019},
	note = {Accessed October 11, 2019}
}

@misc{haskell_applications,
	title = {Haskell Applications and Libraries},
	url = {https://wiki.haskell.org/Applications_and_libraries},
	howpublished = {\url{https://wiki.haskell.org/Applications_and_libraries}},
	language = {English},
	author = {HaskellWiki},
	year = {2019},
	note = {Accessed October 11, 2019}
}

@misc{thaler_sir_repository,
	title = {Repository of Agent-Based SIR implementation in Haskell},
	url = {https://github.com/thalerjonathan/haskell-sir},
	howpublished = {\url{https://github.com/thalerjonathan/haskell-sir}},
	language = {English},
	author = {Thaler, J.},
	month = May,
	year = {2019},
	note = {Accessed October 11, 2019}
}

@misc{thaler_sugarscape_repository,
	title = {Repository of Sugarscape implementation in Haskell},
	url = {https://github.com/thalerjonathan/haskell-sugarscape},
	howpublished = {\url{https://github.com/thalerjonathan/haskell-sugarscape}},
	language = {English},
	author = {Thaler, J.},
	month = May,
	year = {2019},
	note = {Accessed October 11, 2019}
}

@misc{gloss_library,
	title = {gloss library},
	url = {http://hackage.haskell.org/package/gloss},
	howpublished = {\url{http://hackage.haskell.org/package/gloss}},
	language = {English},
	author = {Lippmeier, B.},
	year = {2019},
	note = {Accessed October 11, 2019}
}

@misc{pqueue_library,
	title = {pqueue library},
	url = {http://hackage.haskell.org/package/pqueue},
	howpublished = {\url{http://hackage.haskell.org/package/pqueue}},
	language = {English},
	author = {Wasserman, L.},
	year = {2019},
	note = {Accessed October 11, 2019}
}

@misc{array_library,
	title = {array library},
	url = {http://hackage.haskell.org/package/array},
	howpublished = {\url{http://hackage.haskell.org/package/array}},
	language = {English},
	author = {libraries@haskell.org},
	year = {2019},
	note = {Accessed October 11, 2019}
}

@misc{containers_library,
	title = {containers library},
	url = {http://hackage.haskell.org/package/containers},
	howpublished = {\url{http://hackage.haskell.org/package/containers}},
	language = {English},
	author = {libraries@haskell.org},
	year = {2019},
	note = {Accessed October 11, 2019}
}

@misc{gamasutra_carmack_fp,
	title = {In-depth: Functional programming in {C}++},
	url = {https://www.gamasutra.com/view/news/169296/Indepth_Functional_programming_in_C.php},
	howpublished = {\url{https://www.gamasutra.com/view/news/169296/Indepth_Functional_programming_in_C.php}},
	language = {English},
	author = {Carmack, J},
	year = {2012},
	month= April,
	note = {Accessed October 11, 2019}
}

@misc{thaler_stm_sir_repository,
	title = {Repository of STM implementations of the agent-based SIR model in Haskell},
	url = {https://github.com/thalerjonathan/haskell-stm-sir},
	howpublished = {\url{https://github.com/thalerjonathan/haskell-stm-sir}},
	language = {English},
	author = {Thaler, J.},
	month = Oct,
	year = {2019},
	note = {Accessed October 11, 2019}
}

@misc{stm_stats_library,
	title = {stm-stats library},
	url = {http://hackage.haskell.org/package/stm-stats},
	howpublished = {\url{http://hackage.haskell.org/package/stm-stats}},
	language = {English},
	author = {Breitner, J.},
	month = Oct,
	year = {2019},
	note = {Accessed October 11, 2019}
}

@misc{thaler_stm_sugarscape_repository,
	title = {Repository of STM implementations of the Sugarscape model in Haskell},
	url = {https://github.com/thalerjonathan/haskell-stm-sugarscape},
	howpublished = {\url{https://github.com/thalerjonathan/haskell-stm-sugarscape}},
	language = {English},
	author = {Thaler, J.},
	month = Oct,
	year = {2019},
	note = {Accessed October 11, 2019}
}

@misc{thaler_zerointelligence_repository,
	title = {Repository of the Gode and Sunder Zero Intelligence traders in Haskell},
	url = {https://github.com/thalerjonathan/zerointelligence},
	howpublished = {\url{https://github.com/thalerjonathan/zerointelligence}},
	language = {English},
	author = {Thaler, J.},
	month = March,
	year = {2019},
	note = {Accessed October 11, 2019}
}

@misc{lebaron_zerointelligence,
	title = {Zero Intelligence Traders: Gode and Sunder},
	url = {http://people.brandeis.edu/~blebaron/classes/agentfin/GodeSunder.html},
	howpublished = {\url{http://people.brandeis.edu/~blebaron/classes/agentfin/GodeSunder.html}},
	language = {English},
	author = {LeBaron, B.},
	year = {2016},
	note = {Accessed October 11, 2019}
}

@misc{kaminski_messageoriented,
	title = {What would a message-oriented programming language look like?},
	url = {https://www.tedinski.com/2018/11/20/message-oriented-programming.html},
	howpublished = {\url{https://www.tedinski.com/2018/11/20/message-oriented-programming.html}},
	language = {English},
	author = {Kaminski, T.},
	month = November
	year = {2018},
	note = {Accessed October 11, 2019}
}

@misc{definitionsforoo,
	title = {Definitions For Oo},
	url = {http://wiki.c2.com/?DefinitionsForOo},
	howpublished = {\url{http://wiki.c2.com/?DefinitionsForOo}},
	language = {English},
	author = {wiki, c2},
	month = November
	year = {2014},
	note = {Accessed October 11, 2019}
}

@misc{maguire_freermonads_better,
	title = {Freer Monads, More Better Programs},
	url = {https://reasonablypolymorphic.com/blog/freer-monads/},
	howpublished = {\url{https://reasonablypolymorphic.com/blog/freer-monads/}},
	language = {English},
	author = {Maguire, S.},
	month = Feb
	year = {2019},
	note = {Accessed October 11, 2019}
}

@misc{maguire_freermonads_fast,
	title = {Freer Monads: Too Fast, Too Free},
	url = {https://reasonablypolymorphic.com/blog/too-fast-too-free/},
	howpublished = {\url{https://reasonablypolymorphic.com/blog/too-fast-too-free/}},
	language = {English},
	author = {Maguire, S.},
	month = Feb
	year = {2019},
	note = {Accessed October 11, 2019}
}

@misc{maguire_higherorder_effects,
	title = {Freer, yet Too Costly Higher-order Effects},
	url = {https://reasonablypolymorphic.com/blog/freer-yet-too-costly/},
	howpublished = {\url{https://reasonablypolymorphic.com/blog/freer-yet-too-costly/}},
	language = {English},
	author = {Maguire, S.},
	month = March
	year = {2019},
	note = {Accessed October 11, 2019}
}

@misc{diehl_wishknewhaskell,
	title = {What I Wish I Knew When Learning Haskell},
	url = {http://dev.stephendiehl.com/hask/},
	howpublished = {\url{http://dev.stephendiehl.com/hask/}},
	language = {English},
	author = {Diehl, S.},
	month = March
	year = {2016},
	note = {Accessed October 11, 2019}
}

@misc{de_vries_quickcheckstatemachine,
	title = {An in-depth look at quickcheck-state-machine},
	url = {http://www.well-typed.com/blog/2019/01/qsm-in-depth/},
	howpublished = {\url{http://www.well-typed.com/blog/2019/01/qsm-in-depth/}},
	language = {English},
	author = {De Vries, E.},
	month = Jan,
	year = {2019},
	note = {Accessed October 11, 2019}
}

@misc{kqr_competing_2017,
	title = {On Competing with C Using Haskell},
	url = {https://two-wrongs.com/on-competing-with-c-using-haskell},
	howpublished = {\url{https://two-wrongs.com/on-competing-with-c-using-haskell}},
	language = {English},
	author = {kqr, Chris},
	month = jun,
	year = {2017},
	note = {Accessed October 11, 2019}
}

@misc{mainland_haskell_2013,
	title = {Haskell Beats C Using Generalized Stream Fusion},
		title = {On {Competing} with {C} {Using} {Haskell}},
	url = {https://www.semanticscholar.org/paper/Haskell-Beats-C-Using-Generalized-Stream-Fusion-Mainland/0ccaa4e306398ef7225e49b01cc5e0c16c94aac7},
	howpublished = {\url{https://www.semanticscholar.org/paper/Haskell-Beats-C-Using-Generalized-Stream-Fusion-Mainland/0ccaa4e306398ef7225e49b01cc5e0c16c94aac7}},
	language = {English},
	author = {Mainland, Geoffrey},
	year = {2013},
	note = {Accessed October 11, 2019}
}

@misc{sorokin_aivika_2015,
	title = {Aivika 3: Creating a Simulation Library based on Functional Programming},
	url = {https://pdfs.semanticscholar.org/8dbd/cd2f4423dad78a37e6896496f7c6f95f929d.pdf},
	howpublished = {\url{https://pdfs.semanticscholar.org/8dbd/cd2f4423dad78a37e6896496f7c6f95f929d.pdf}},
	language = {English},
	author = {Sorokin, David},
	year = {2015},
	note = {Accessed October 11, 2019}
}

@misc{stolarek_haskell_2013,
	title = {Haskell as fast as C: A case study},
	url = {http://lambda.jstolarek.com/2013/04/haskell-as-fast-as-c-a-case-study/},
	howpublished = {\url{http://lambda.jstolarek.com/2013/04/haskell-as-fast-as-c-a-case-study/}}
	language = {English},
	author = {Stolarek, J.},
	month = apr,
	year = {2013},
	note = {Accessed October 11, 2019}
}

@misc{stewart_haskell_2008,
	title = {Haskell as fast as C: working at a high altitude for low level performance},
	url = {https://donsbot.wordpress.com/2008/06/04/haskell-as-fast-as-c-working-at-a-high-altitude-for-low-level-performance/},
	howpublished = {\url{https://donsbot.wordpress.com/2008/06/04/haskell-as-fast-as-c-working-at-a-high-altitude-for-low-level-performance/}},
	author = {Stewart, D.},
	month = apr,
	year = {2008},
	note = {Accessed October 11, 2019}
}

@misc{weaver_replicating_2009,
	title = {Replicating Sugarscape in NetLogo},
	url = {https://www2.le.ac.uk/departments/interdisciplinary-science/research/replicating-sugarscape},
	howpublished = {\url{https://www2.le.ac.uk/departments/interdisciplinary-science/research/replicating-sugarscape}},
	abstract = {Sugarscape is a model artificially intelligent agent-based social simulation following some or all rules presented by Joshua M. Epstein \& Robert Axtell in their book Growing Artificial Societies.

The simulation was translated into the Netlogo language by Iain Weaver as a summer internship project and is available from the Netlogo library on the Netlogo web site.},
	language = {English},
	urldate = {2018-10-15},
	journal = {Replicating Sugarscape in NetLogo},
	author = {Weaver, Iain},
	month = oct,
	year = {2009},
	note = {Accessed October 11, 2019}
}

