Der Vatikan und Hitler - Die geheimen Archive
Im Schatten der Schwarzen Sonne - Arische Kulte, Esoterischer Nationalsozialismus
Die Okkulten Wurzeln des Nationalsozialismus
Secrets Of The Lost Races 
Fingerprints Of The Gods - Evidence Of Earth's Lost Civilization
Das Buch Des Wissens: Die Schlüssel Des Enoch
Mysticism in the 21st Century
Heinrich Himmler - Deutscher Spiritismus, Französischer Okkultismus und der Reichsführer SS
The Devil's Party - Satanism in Modernity
The Quest for the historical Satan
