@book{Agha_1986,
 author = {Agha, Gul},
 title = {Actors: A Model of Concurrent Computation in Distributed Systems},
 year = {1986},
 isbn = {0-262-01092-5},
 publisher = {MIT Press},
 address = {Cambridge, MA, USA},
}

@inproceedings{Hewitt_1973,
 author = {Hewitt, Carl and Bishop, Peter and Steiger, Richard},
 title = {A Universal Modular ACTOR Formalism for Artificial Intelligence},
 booktitle = {Proceedings of the 3rd International Joint Conference on Artificial Intelligence},
 series = {IJCAI'73},
 year = {1973},
 location = {Stanford, USA},
 pages = {235--245},
 numpages = {11},
 url = {http://dl.acm.org/citation.cfm?id=1624775.1624804},
 acmid = {1624804},
 publisher = {Morgan Kaufmann Publishers Inc.},
 address = {San Francisco, CA, USA},
}

@techreport{Greif_1975,
 author = {Grief, I. and Greif, Irene},
 title = {SEMANTICS OF COMMUNICATING PARALLEL PROCESSES},
 year = {1975},
 source = {http://www.ncstrl.org:8900/ncstrl/servlet/search?formname=detail\&id=oai%3Ancstrlh%3Amitai%3AMIT-LCS%2F%2FMIT%2FLCS%2FTR-154},
 publisher = {Massachusetts Institute of Technology},
 address = {Cambridge, MA, USA},
}

@techreport{Clinger_1981,
 author = {Clinger, William D},
 title = {Foundations of Actor Semantics},
 year = {1981},
 source = {http://www.ncstrl.org:8900/ncstrl/servlet/search?formname=detail\&id=oai%3Ancstrlh%3Amitai%3AMIT-AILab%2F%2FAITR-633},
 publisher = {Massachusetts Institute of Technology},
 address = {Cambridge, MA, USA},
}

@Inbook{Hewitt_2007,
author="Hewitt, Carl",
editor="Noriega, Pablo
and V{\'a}zquez-Salceda, Javier
and Boella, Guido
and Boissier, Olivier
and Dignum, Virginia
and Fornara, Nicoletta
and Matson, Eric",
title="What Is Commitment? Physical, Organizational, and Social (Revised) ",
bookTitle="Coordination, Organizations, Institutions, and Norms in Agent Systems II: AAMAS 2006 and ECAI 2006 International Workshops, COIN 2006 Hakodate, Japan, May 9, 2006 Riva del Garda, Italy, August 28, 2006. Revised Selected Papers",
year="2007",
publisher="Springer Berlin Heidelberg",
address="Berlin, Heidelberg",
pages="293--307",
isbn="978-3-540-74459-7",
doi="10.1007/978-3-540-74459-7_19",
url="http://dx.doi.org/10.1007/978-3-540-74459-7_19"
}

@article{Agha_1997,
 author = {Agha, Gul A. and Mason, Ian A. and Smith, Scott F. and Talcott, Carolyn L.},
 title = {A Foundation for Actor Computation},
 journal = {J. Funct. Program.},
 issue_date = {January 1997},
 volume = {7},
 number = {1},
 month = jan,
 year = {1997},
 issn = {0956-7968},
 pages = {1--72},
 numpages = {72},
 url = {http://dx.doi.org/10.1017/S095679689700261X},
 doi = {10.1017/S095679689700261X},
 acmid = {969901},
 publisher = {Cambridge University Press},
 address = {New York, NY, USA},
}

@article{Hewitt_2010,
  author    = {Carl Hewitt},
  title     = {Actor Model for Discretionary, Adaptive Concurrency},
  journal   = {CoRR},
  volume    = {abs/1008.1459},
  year      = {2010},
  url       = {http://arxiv.org/abs/1008.1459},
  timestamp = {Mon, 05 Dec 2011 18:05:27 +0100},
  biburl    = {http://dblp.uni-trier.de/rec/bib/journals/corr/abs-1008-1459},
  bibsource = {dblp computer science bibliography, http://dblp.org}
}

@INPROCEEDINGS{Agha_2004,
    author = {Gul Agha},
    title = {An Algebraic Theory of Actors and its Application to a Simple Object-Based Language},
    booktitle = {In Ole-Johan Dahl’s Festschrift, volume 2635 of LNCS},
    year = {2004},
    pages = {26--57},
    publisher = {Springer}
}

@mastersthesis{Bezirgiannis2013,
 author = {Bezirgiannis, Nikolaos},
 title = {Improving Performance of Simulation Software Using Haskell’s Concurrency \& Parallelism},
 year = {2013},
 school = {Utrecht University - Dept. of Information and Computing Sciences},
}